
@article{nagpal2019basics,
	title={Basics of Oncology Techniques for Undergraduates Techniques of Radiotherapy},
	author={NAGPAL, PUNEET},
	journal={National Medicos Organisation Journal (ISSN-2348-3806)},
	volume={13},
	number={01},
	pages={54--59},
	year={2019}
}

@misc{grand, title={STRUCTSEG2019 - Grand Challenge, https://structseg2019.grand-challenge.org/Dataset/}, url={https://structseg2019.grand-challenge.org/Dataset/}, note = {Accessed: 2022-01-15}} 

@article{ramkumar2016user,
	title={User interaction in semi-automatic segmentation of organs at risk: a case study in radiotherapy},
	author={Ramkumar, Anjana and Dolz, Jose and Kirisli, Hortense A and Adebahr, Sonja and Schimek-Jasch, Tanja and Nestle, Ursula and Massoptier, Laurent and Varga, Edit and Stappers, Pieter Jan and Niessen, Wiro J and others},
	journal={Journal of digital imaging},
	volume={29},
	number={2},
	pages={264--277},
	year={2016},
	publisher={Springer}
}

@article{wang2019artificial,
	title={Artificial intelligence in radiotherapy treatment planning: present and future},
	author={Wang, Chunhao and Zhu, Xiaofeng and Hong, Julian C and Zheng, Dandan},
	journal={Technology in cancer research \& treatment},
	volume={18},
	pages={1533033819873922},
	year={2019},
	publisher={SAGE Publications Sage CA: Los Angeles, CA}
}

@article{qazi2011auto,
	title={Auto-segmentation of normal and target structures in head and neck CT images: A feature-driven model-based approach},
	author={Qazi, Arish A and Pekar, Vladimir and Kim, John and Xie, Jason and Breen, Stephen L and Jaffray, David A},
	journal={Medical physics},
	volume={38},
	number={11},
	pages={6160--6170},
	year={2011},
	publisher={Wiley Online Library}
}

@article{stapleford2010evaluation,
	title={Evaluation of automatic atlas-based lymph node segmentation for head-and-neck cancer},
	author={Stapleford, Liza J and Lawson, Joshua D and Perkins, Charles and Edelman, Scott and Davis, Lawrence and McDonald, Mark W and Waller, Anthony and Schreibmann, Eduard and Fox, Tim},
	journal={International Journal of Radiation Oncology* Biology* Physics},
	volume={77},
	number={3},
	pages={959--966},
	year={2010},
	publisher={Elsevier}
}

@article{lateef2019survey,
	title={Survey on semantic segmentation using deep learning techniques},
	author={Lateef, Fahad and Ruichek, Yassine},
	journal={Neurocomputing},
	volume={338},
	pages={321--348},
	year={2019},
	publisher={Elsevier}
}

@article{kayalibay2017cnn,
	title={CNN-based segmentation of medical imaging data},
	author={Kayalibay, Baris and Jensen, Grady and van der Smagt, Patrick},
	journal={arXiv preprint arXiv:1701.03056},
	year={2017}
}

@article{arabi2017comparison,
	title={Comparison of atlas-based techniques for whole-body bone segmentation},
	author={Arabi, Hossein and Zaidi, Habib},
	journal={Medical image analysis},
	volume={36},
	pages={98--112},
	year={2017},
	publisher={Elsevier}
}

@article{ren2018interleaved,
	title={Interleaved 3D-CNN s for joint segmentation of small-volume structures in head and neck CT images},
	author={Ren, Xuhua and Xiang, Lei and Nie, Dong and Shao, Yeqin and Zhang, Huan and Shen, Dinggang and Wang, Qian},
	journal={Medical physics},
	volume={45},
	number={5},
	pages={2063--2075},
	year={2018},
	publisher={Wiley Online Library}
}

%%%%%%%%%% 2nd Chapter%%%%%%%%%%%%%%%%%


@inproceedings{elangovan2016medical,
	title={Medical imaging modalities: a survey},
	author={Elangovan, Aarthipoornima and Jeyaseelan, T},
	booktitle={2016 International Conference on emerging trends in engineering, technology and science (ICETETS)},
	pages={1--4},
	year={2016},
	organization={ieee}
}

@misc{ct, title={PGI gets state-of-the-art CT scan machine, https://www.tribuneindia.com/news/punjab/pgi-gets-state-of-the-art-ct-scan-machine-179634}, url={https://www.tribuneindia.com/news/punjab/pgi-gets-state-of-the-art-ct-scan-machine-179634}, note = {Accessed: 2022-01-21}} 

@misc{ctsamp, title={CT of a normal abdomen and pelvis, thumbnail, https://commons.wikimedia.org/wiki/}, url={https://commons.wikimedia.org/wiki/File:CT_of_a_normal_abdomen_and_pelvis,_thumbnail.png}, note = {Accessed: 2022-01-21}} 

@misc{ctexplain, title={Computed Tomography (CT), https://www.nibib.nih.gov/science-education/science-topics/computed-tomography-ct}, url={https://www.nibib.nih.gov/science-education/science-topics/computed-tomography-ct}, note = {Accessed: 2022-01-21}} 

@misc{mrexplain, title={Magnetic Resonance Imaging (MRI), https://www.nibib.nih.gov/science-education/science-topics/magnetic-resonance-imaging-mri}, url={https://www.nibib.nih.gov/science-education/science-topics/magnetic-resonance-imaging-mri}, note = {Accessed: 2022-01-22}} 


@misc{aiexplain, title={Notes on Artificial Intelligence, Machine Learning and Deep Learning for curious people, https://towardsdatascience.com/notes-on-artificial-intelligence-ai-machine-learning-ml-and-deep-learning-dl-for-56e51a2071c2},  note = {Accessed: 2022-03-28}} 

@article{helm2020machine,
	title={Machine learning and artificial intelligence: definitions, applications, and future directions},
	author={Helm, J Matthew and Swiergosz, Andrew M and Haeberle, Heather S and Karnuta, Jaret M and Schaffer, Jonathan L and Krebs, Viktor E and Spitzer, Andrew I and Ramkumar, Prem N},
	journal={Current reviews in musculoskeletal medicine},
	volume={13},
	number={1},
	pages={69--76},
	year={2020},
	publisher={Springer}
}

@misc{classReg, title={How to Use Data Science to Understand What Makes Wine Taste Good, https://www.freecodecamp.org/news/using-data-science-to-understand-what-makes-wine-taste-good-669b496c67ee},  note = {Accessed: 2022-03-29}} 

@article{hodgkin1952quantitative,
	title={A quantitative description of membrane current and its application to conduction and excitation in nerve},
	author={Hodgkin, Alan L and Huxley, Andrew F},
	journal={The Journal of physiology},
	volume={117},
	number={4},
	pages={500},
	year={1952},
	publisher={Wiley-Blackwell}
}

@phdthesis{njogholo2018investigating,
	title={Investigating keystroke dynamics as a two-factor biometric security},
	author={Njogholo, Brian Mwandau},
	year={2018},
	school={Strathmore University}
}

@article{johnson2019survey,
	title={Survey on deep learning with class imbalance},
	author={Johnson, Justin M and Khoshgoftaar, Taghi M},
	journal={Journal of Big Data},
	volume={6},
	number={1},
	pages={1--54},
	year={2019},
	publisher={Springer}
}

@article{goodfellow2014generative,
	title={Generative adversarial nets},
	author={Goodfellow, Ian and Pouget-Abadie, Jean and Mirza, Mehdi and Xu, Bing and Warde-Farley, David and Ozair, Sherjil and Courville, Aaron and Bengio, Yoshua},
	journal={Advances in neural information processing systems},
	volume={27},
	year={2014}
}

@article{cai2020utilizing,
	title={Utilizing amari-alpha divergence to stabilize the training of generative adversarial networks},
	author={Cai, Likun and Chen, Yanjie and Cai, Ning and Cheng, Wei and Wang, Hao},
	journal={Entropy},
	volume={22},
	number={4},
	pages={410},
	year={2020},
	publisher={Multidisciplinary Digital Publishing Institute}
}

@misc{cnnexplain, title={Convolutional Neural Networks, https://cs231n.github.io/convolutional-networks/convert},  note = {Accessed: 2022-04-02}} 

@misc{cnnexplain2, title={A Comprehensive Guide to Convolutional Neural Networks â€” the ELI5 way, https://towardsdatascience.com/a-comprehensive-guide-to-convolutional-neural-networks-the-eli5-way-3bd2b1164a53},  note = {Accessed: 2022-04-03}} 

@misc{actfunc, title={Activation functions, https://www.datacamp.com/community/tutorials/neural-network-models-r},  note = {Accessed: 2022-04-03}} 

@article{krizhevsky2012imagenet,
	title={Imagenet classification with deep convolutional neural networks},
	author={Krizhevsky, Alex and Sutskever, Ilya and Hinton, Geoffrey E},
	journal={Advances in neural information processing systems},
	volume={25},
	year={2012}
}

@article{wang2019development,
	title={Development of convolutional neural network and its application in image classification: a survey},
	author={Wang, Wei and Yang, Yujing and Wang, Xin and Wang, Weizheng and Li, Ji},
	journal={Optical Engineering},
	volume={58},
	number={4},
	pages={040901},
	year={2019},
	publisher={International Society for Optics and Photonics}
}

@article{zhang2021understanding,
	title={Understanding deep learning (still) requires rethinking generalization},
	author={Zhang, Chiyuan and Bengio, Samy and Hardt, Moritz and Recht, Benjamin and Vinyals, Oriol},
	journal={Communications of the ACM},
	volume={64},
	number={3},
	pages={107--115},
	year={2021},
	publisher={ACM New York, NY, USA}
}

@article{genccay2001pricing,
	title={Pricing and hedging derivative securities with neural networks: Bayesian regularization, early stopping, and bagging},
	author={Gen{\c{c}}ay, Ramazan and Qi, Min},
	journal={IEEE Transactions on Neural Networks},
	volume={12},
	number={4},
	pages={726--734},
	year={2001},
	publisher={IEEE}
}


@article{srivastava2014dropout,
	title={Dropout: a simple way to prevent neural networks from overfitting},
	author={Srivastava, Nitish and Hinton, Geoffrey and Krizhevsky, Alex and Sutskever, Ilya and Salakhutdinov, Ruslan},
	journal={The journal of machine learning research},
	volume={15},
	number={1},
	pages={1929--1958},
	year={2014},
	publisher={JMLR. org}
}

@inproceedings{ioffe2015batch,
	title={Batch normalization: Accelerating deep network training by reducing internal covariate shift},
	author={Ioffe, Sergey and Szegedy, Christian},
	booktitle={International conference on machine learning},
	pages={448--456},
	year={2015},
	organization={PMLR}
}

@misc{computervision, title={Difference between Image Processing and Computer Vision, https://www.geeksforgeeks.org/difference-between-image-processing-and-computer-vision/:~:text=Image%20processing%20is%20mainly%20focused,visual%20input%20like%20human%20brain.},  note = {Accessed: 2022-04-05}} 